<record><leader>00000cas a22000007a 4500</leader><controlfield tag="001">11734909</controlfield><controlfield tag="008">850226d19731978utudn ne      0    0eng d</controlfield><datafield ind1=" " ind2=" " tag="010"><subfield code="a">sn 85058015 </subfield></datafield><datafield ind1=" " ind2=" " tag="040"><subfield code="a">UNP</subfield><subfield code="b">eng</subfield><subfield code="c">UNP</subfield><subfield code="d">OCL</subfield><subfield code="d">OCLCQ</subfield></datafield><datafield ind1=" " ind2=" " tag="042"><subfield code="a">msc</subfield></datafield><datafield ind1="0" ind2=" " tag="130"><subfield code="a">Color country spectrum (Saint George, Utah)</subfield></datafield><datafield ind1="1" ind2="0" tag="245"><subfield code="a">Color country spectrum.</subfield></datafield><datafield ind1="3" ind2="0" tag="246"><subfield code="a">Spectrum</subfield></datafield><datafield ind1=" " ind2=" " tag="260"><subfield code="a">St. George, Utah :</subfield><subfield code="b">Tri-State Pub. Co.,</subfield><subfield code="c">1973-1978.</subfield></datafield><datafield ind1=" " ind2=" " tag="300"><subfield code="a">6 v. :</subfield><subfield code="b">ill.</subfield></datafield><datafield ind1=" " ind2=" " tag="310"><subfield code="a">Daily (except Monday and Saturday),</subfield><subfield code="b">Mar. 24, 1976-Sept. 24, 1978</subfield></datafield><datafield ind1=" " ind2=" " tag="321"><subfield code="a">Weekly,</subfield><subfield code="b">Apr. 26, 1973-Mar. 18, 1976</subfield></datafield><datafield ind1="0" ind2=" " tag="362"><subfield code="a">Vol. 10, no. 27 (Apr. 26, 1973)-v. 15, no. 246 (Sept. 24, 1978).</subfield></datafield><datafield ind1=" " ind2=" " tag="500"><subfield code="a">Issues for Oct. 24-Nov. 7, 1974 respectively have edition titles: Anniversary edition, Pre-election edition, and Election edition.</subfield></datafield><datafield ind1=" " ind2=" " tag="580"><subfield code="a">Issues for June 6, 1974-June 5, 1975 called "Southern edition"; during the same period a "Northern edition" was also issued.</subfield></datafield><datafield ind1=" " ind2=" " tag="752"><subfield code="a">United States</subfield><subfield code="b">Utah</subfield><subfield code="c">Washington</subfield><subfield code="d">Saint George.</subfield></datafield><datafield ind1="1" ind2=" " tag="775"><subfield code="t">Color country spectrum (Northern ed.)</subfield><subfield code="w">(DLC)sn 85058025</subfield><subfield code="w">(OCoLC)11734960</subfield></datafield><datafield ind1="0" ind2="0" tag="780"><subfield code="t">South Utah press advertiser</subfield><subfield code="w">(DLC)sn 85005013</subfield><subfield code="w">(OCoLC)11718677</subfield></datafield><datafield ind1="0" ind2="0" tag="785"><subfield code="t">Spectrum (Saint George, Utah)</subfield><subfield code="w">(DLC)sn 83007225</subfield><subfield code="w">(OCoLC)9355028</subfield></datafield></record>